1566 2212
810 239 885 360 14
327 351 793 448 Leopold Cerny in Graz
403 385 1266 498 91. Friede den Toten. Grabmal in Kunststein
476 474 1360 561 Laternen in Kupfer ausgeführt von der Kunstschlosserei
476 534 705 595 Gebrüder Kerl
393 570 1363 659 92 und 93. Pläne zum Gruftdenkmal der Familie
471 647 1322 710 Eustacchio auf dem Zentralfriedhof in Graz
398 711 1370 792 94. Photographie des ausgeführten Gruftdenkmales.
477 768 1294 872 (Grauer Granit. Hofsteinmetzmeister Franz)
330 853 949 959 Marie Baronin Baselli in Graz
405 908 1378 1031 95. Stilleben Ö1
331 1015 1084 1114 Karl O'Lynch von Town in München
400 1078 1391 1180 96. Die Fähre in Frickenhausen am Main Ol
334 1188 1160 1261 Friederike Koch von Langentreu in Graz
405 1245 1381 1356 97. Auf der Terrasse Ol
334 1338 818 1434 Felix Kraus in Filzmoos
408 1394 1394 1506 98. Gewitterlandschaft Ol
331 1509 1091 1622 Karl O'Lynch von Town in München
401 1585 794 1682 99. Kanal in Brügge
334 1646 1169 1778 Friederike Koch von Langentreu in Graz
397 1736 1397 1833 100. Bauernblumen Ol
