2479 3508
1166 564 1234 581 31
436 624 1642 782 Gustav Johannes Buchner in München.
499 744 1941 838 278. Martha. Öl.
499 818 1941 984 279. Dame am Wasser (in Grau). Ol.
436 966 1345 1091 August Lüdecke in München.
510 1063 1941 1182 280. Im Garbenfeld. Ö1.
487 1150 1934 1307 281. Weidendes Jungvieh. Ö1.
431 1282 1305 1404 Maria Waltl-Wilfert in Prag.
510 1393 1938 1532 282. 283. Aus dem Prager Ghetto. Ol.
429 1521 1199 1678 Paula v. Stach in Wien.
485 1628 1920 1756 284. Aus dem Kreuzgang vom Stift Zwettl. Aquarell.
425 1754 1451 1918 José Vera y Gonzalez in Toledo.
479 1867 1916 2035 285. Portal der Kathedrale von Toledo. Aquarell.
490 1983 1925 2091 286. Hof in Toledo. Aquarell.
499 2060 1938 2210 287. Straße in Toledo. Aquarell.
425 2168 1166 2322 Georg Jilovsky in Prag.
496 2262 1929 2417 288. Bildnis. Ö1.
436 2408 1300 2545 Theodor Edlbacher in Wien.
494 2524 1929 2660 289. Torbole (Garda). Farb. Orig. Rad.
512 2621 1103 2747 290. Farbige Radierung
