1812 2275
855 264 902 279 31
324 315 1199 401 Gustav Johannes Buchner in München.
365 405 1427 466 278. Martha. Öl.
356 450 1419 557 279. Dame am Wasser (in Grau). ÖI.
323 576 982 659 August Lüdecke in München.
381 646 1427 720 280. Im Garbenfeld. Öl.
373 703 1422 813 281. Weidendes Jungvieh. Öl.
318 802 952 884 Maria Waltl-Wilfert in Prag.
368 875 1419 980 282. 283. Aus dem Prager Ghetto. ÖI.
316 968 871 1068 Paula v. Stach in Wien.
364 1055 1399 1137 284. Aus dem Kreuzgang vom Stift Zwettl. Aquarell.
310 1142 1058 1243 José Vera y Gonzalez in Toledo.
361 1217 1401 1344 285. Portal der Kathedrale von Toledo. Aquarell.
367 1305 1403 1389 286. Hof in Toledo. Aquarell.
359 1363 1398 1469 287. Straße in Toledo. Aquarell.
316 1444 879 1543 Georg Jilovsky in Prag.
355 1520 1415 1614 288. Bildnis. Öl.
320 1614 949 1721 Theodor Edlbacher in Wien.
364 1702 1401 1799 289. Torbole (Garda). Farb. Orig. Rad.
365 1775 811 1869 290. Farbige Radierung.
