2479 3508
1302 424 1414 560 14
514 569 1258 723 Leopold Cerny in Graz
627 619 2001 802 91. Friede den Toten. Grabmal in Kunststein
753 751 2157 904 Laternen in Kupfer ausgeführt von der Kunstschlosserei
759 850 1111 942 Gebrüder Kerl
627 902 2170 1049 92 und 93. Pläne zum Gruftdenkmal der Familie
751 1037 2095 1141 Eustacchio auf dem Zentralfriedhof in Graz
629 1117 2161 1254 94. Photographie des ausgeführten Gruftdenkmales.
757 1223 2059 1388 (Grauer Granit. Hofsteinmetzmeister Franz)
524 1360 1509 1519 Marie Baronin Baselli in Graz
659 1448 2204 1647 5. Stilleben Ol
524 1623 1712 1770 Karl O'Lynch von Town in München
633 1710 2192 1874 96. Die Fähre in Frickenhausen am Main Ol
526 1874 1834 2001 Friederike Koch von Langentreu in Graz
619 1967 2206 2161 97. Auf der Terrasse Ol
526 2129 1300 2268 Felix Kraus in Filzmoos
655 2214 2202 2380 98. Gewitterlandschaft Ol
526 2374 1718 2567 Karl O'Lynch von Town in München
633 2511 1270 2670 99. Kanal in Brügge
532 2611 1852 2818 Friederike Koch von Langentreu in Graz
587 2736 2188 2947 100. Bauernblumen Ol
