1256 1961
138 155 411 237 Fritz Pontini
183 213 835 310 156 bis 162. Belvedere-Mappe (7 Ra¬
271 271 1035 349 dierungen) 240 K
183 341 843 446 163. Am Plönlein in Rothenburg
745 403 1014 490 F.-Z. 100 „
184 468 1000 569 164. Im Hafen von Riva P. 120 „,
136 559 489 630 Sascha Schneider
184 601 1004 700 165. Weiblicher Akt Z. 175 M
178 688 1006 769 166. Antiker Wettlauf Z. 300 „,
176 752 1003 821 167. Männlicher Akt K.-Z. 150 „,
182 806 999 881 168. Männliche Aktstudie Z. 200 „,
181 871 1002 948 169. Männlicher Akt K.-Z. 175 „,
180 940 999 1028 170. Männliche Aktstudie Z. unverk.
134 1022 449 1113 August Brömse
173 1094 851 1180 171. In den Birken R.
164 1156 848 1238 172. Faune R.
169 1208 851 1304 172a. Der Mönch R.
169 1274 847 1377 172b. Ruine einer Mühle R.
188 1361 1008 1454 Cyklus: Das Mädchen und der Tod (14 Blatt)
158 1440 855 1520 173. Liebe R.
153 1497 851 1581 174. Es fiel ein Reif R.
177 1560 857 1662 175. Ein verlornes Paradies R.
848 1646 900 1724 23
