1256 1961
139 153 412 237 Fritz Pontini
183 213 835 310 156 bis 162. Belvedere-Mappe (7 Ra¬
272 273 1009 374 dierungen) 240 K
183 342 842 443 163. Am Plönlein in Rothenburg
744 406 1002 489 F.-Z. 100 „
188 467 1007 565 164. Im Hafen von Riva P. 120 „
137 556 489 640 Sascha Schneider
184 607 1003 696 165. Weiblicher Akt Z. 175 M
187 685 994 764 166. Antiker Wettlauf Z. 300 ,,
187 752 1006 828 167. Männlicher Akt K.-Z. 150 „,
181 808 992 877 168. Männliche Aktstudie Z. 200 ,,
191 868 1010 955 169. Männlicher Akt K.-Z. 175 „,
190 938 1009 1028 170. Männliche Aktstudie Z. unverk.
135 1030 450 1113 August Brömse
187 1095 845 1197 171. In den Birken R.
196 1155 854 1230 172. Faune R.
167 1213 863 1305 172a. Der Mönch R.
175 1278 871 1375 172b. Ruine einer Mühle R.
187 1365 1006 1468 Cyklus: Das Mädchen und der Tod (14 Blatt)
156 1440 854 1520 173. Liebe R.
156 1497 853 1579 174. Es fiel ein Reif R.
166 1564 863 1655 175. Ein verlornes Paradies R.
843 1648 910 1720 23
