1812 2275
855 264 884 279 31
324 309 1200 426 Gustav Johannes Buchner in München.
370 398 1415 469 278. Martha. Öl.
371 456 1424 561 279. Dame am Wasser (in Grau). Öl.
322 560 980 660 August Lüdecke in München.
371 629 1418 710 280. Im Garbenfeld. Öl.
365 695 1428 812 281. Weidendes Jungvieh. Öl.
318 800 954 901 Maria Waltl-Wilfert in Prag.
370 875 1414 959 282. 283. Aus dem Prager Ghetto. Ol.
316 964 873 1078 Paula v. Stach in Wien.
363 1041 1399 1142 284. Aus dem Kreuzgang vom Stift Zwettl. Aquarell.
310 1135 1056 1252 José Vera y Gonzalez in Toledo.
363 1221 1428 1342 285. Portal der Kathedrale von Toledo. Aquarell.
362 1329 1424 1356 286. Hof in Toledo. Aquarell.
367 1375 1404 1454 287. Straße in Toledo. Aquarell.
314 1444 871 1548 Georg Jilovsky in Prag.
357 1525 1420 1605 288. Bildnis. Öl.
322 1614 952 1720 Theodor Edlbacher in Wien.
357 1700 1393 1794 289. Torbole (Garda). Farb. Orig. Rad.
366 1765 812 1863 290. Farbige Radierung.
