1566 2212
808 254 895 352 14
326 348 793 456 Leopold Cerny in Graz
403 390 1266 497 91. Friede den Toten. Grabmal in Kunststein
476 472 1362 570 Laternen in Kupfer ausgeführt von der Kunstschlosserei
476 536 705 594 Gebrüder Kerl
399 557 1363 659 92 und 93. Pläne zum Gruftdenkmal der Familie
470 648 1321 719 Eustacchio auf dem Zentralfriedhof in Graz
399 705 1369 792 94. Photographie des ausgeführten Gruftdenkmales.
477 769 1293 866 (Grauer Granit. Hofsteinmetzmeister Franz)
332 849 949 956 Marie Baronin Baselli in Graz
398 907 1391 1019 95. Stilleben Ol
332 1014 1084 1113 Karl O'Lynch von Town in München
407 1077 1387 1178 96. Die Fähre in Frickenhausen am Main Ol
333 1181 1160 1261 Friederike Koch von Langentreu in Graz
402 1247 1394 1357 97. Auf der Terrasse Ol
333 1327 819 1424 Felix Kraus in Filzmoos
402 1394 1390 1506 98. Gewitterlandschaft Ol
332 1496 1086 1621 Karl O'Lynch von Town in München
384 1587 868 1675 99. Kanal in Brügge
333 1643 1170 1777 Friederike Koch von Langentreu in Graz
386 1735 1409 1837 100. Bauernblumen OI
